@techreport{daft1983information,
  title={Information richness. A new approach to managerial behavior and organization design},
  author={Daft, Richard L and Lengel, Robert H},
  year={1983},
  institution={Texas A and M Univ College Station Coll of Business Administration}
}

@article{fulk1990social,
  title={A social influence model of technology use},
  author={Fulk, Janet and Schmitz, Joseph and Steinfield, Charles W and others},
  journal={Organizations and communication technology},
  volume={117},
  pages={140},
  year={1990}
}

@article{sitkin1992dual,
  title={A dual-capacity model of communication media choice in organizations},
  author={Sitkin, Sim B and Sutcliffe, Kathleen M and BARRIOS-CHOPLIN, JOHN R},
  journal={Human communication research},
  volume={18},
  number={4},
  pages={563--598},
  year={1992},
  publisher={Wiley Online Library}
}

@inproceedings{santos2020analyzing,
  title={Analyzing the application of the privacy design model in WhatsApp: a case study},
  author={Santos, Mariana Aparecida dos and Villela, Maria L{\'u}cia Bento and Prates, Raquel Oliveira},
  booktitle={Proceedings of the 19th Brazilian Symposium on Human Factors in Computing Systems},
  pages={1--6},
  year={2020}
}

@article{terpstra2013whatsapp,
  title={WhatsApp \& privacy},
  author={Terpstra, Martijn},
  journal={Radboud University Nijmegen, Netherlands},
  year={2013}
}

@article{rastogi2017whatsapp,
  title={WhatsApp security and role of metadata in preserving privacy},
  author={Rastogi, Nidhi and Hendler, James},
  journal={arXiv Prepr. arXiv1701},
  volume={6817},
  pages={269--275},
  year={2017}
}

@article{sutikno2016whatsapp,
  title={WhatsApp, viber and telegram: Which is the best for instant messaging?},
  author={Sutikno, Tole and Handayani, Lina and Stiawan, Deris and Riyadi, Munawar Agus and Subroto, Imam Much Ibnu},
  journal={International Journal of Electrical \& Computer Engineering (2088-8708)},
  volume={6},
  number={3},
  year={2016}
}

@article{carpay2019whatsapp,
  title={WhatsApp End-to-End Encryption: Are Our Messages Private?},
  author={Carpay, Tom and Lontorfos, Pavlos},
  journal={Retrieved},
  volume={2},
  number={05},
  pages={2020},
  year={2019}
}

@article{abiodun2020reinforcing,
  title={Reinforcing the security of instant messaging systems using an enhanced honey encryption scheme: The case of WhatsApp},
  author={Abiodun, Esther Omolara and Jantan, Aman and Abiodun, Oludare Isaac and Arshad, Humaira},
  journal={Wireless Personal Communications},
  volume={112},
  number={4},
  pages={2533--2556},
  year={2020},
  publisher={Springer}
}

@inproceedings{rosler2018more,
  title={More is less: On the end-to-end security of group chats in Signal, WhatsApp, and Threema},
  author={R{\"o}sler, Paul and Mainka, Christian and Schwenk, J{\"o}rg},
  booktitle={2018 IEEE European Symposium on Security and Privacy (EuroS\&P)},
  pages={415--429},
  year={2018},
  organization={IEEE}
}

@article{endeley2018end,
  title={End-to-end encryption in messaging services and national securityâ€”case of WhatsApp messenger},
  author={Endeley, Robert E and others},
  journal={Journal of Information Security},
  volume={9},
  number={01},
  pages={95},
  year={2018},
  publisher={Scientific Research Publishing}
}

@article{schreiner2015examining,
  title={Examining the role of privacy in virtual migration: the case of WhatsApp and Threema},
  author={Schreiner, Michel and Hess, Thomas},
  year={2015}
}

@inproceedings{dev2018understanding,
  title={Understanding privacy concerns of whatsapp users in India: poster},
  author={Dev, Jayati and Das, Sanchari and Camp, L Jean},
  booktitle={Proceedings of the 5th Annual Symposium and Bootcamp on Hot Topics in the Science of Security},
  pages={1--1},
  year={2018}
}

@article{zingales2017between,
  title={Between a rock and two hard places: WhatsApp at the crossroad of competition, data protection and consumer law},
  author={Zingales, Nicolo},
  journal={Computer Law \& Security Review},
  volume={33},
  number={4},
  pages={553--558},
  year={2017},
  publisher={Elsevier}
}
@article{esayas2017competition,
  title={Competition in dissimilarity: Lessons in privacy from the Facebook/WhatsApp Merger},
  author={Esayas, Samson},
  journal={University of Oslo Faculty of Law Research Paper},
  number={2017-33},
  year={2017}
}