@article{nelson1994norms,
  title={Norms of paired-associate recall during multitrial learning of {S}wahili-{E}nglish translation equivalents},
  author={Nelson, Thomas O and Dunlosky, John},
  journal={Memory},
  volume={2},
  number={3},
  pages={325--335},
  year={1994},
  publisher={Taylor \& Francis}
}

@techreport{konstan1998borchers,
  title={Al Borchers and JL Herlocker,‘Recommender Systems: A GroupLens Perspective’},
  author={Konstan, JA and Riedl, J},
  year={1998},
  institution={AAAI Technical Report WS-98-08}
}
@article{mathot2012opensesame,
  title={OpenSesame: An open-source, graphical experiment builder for the social sciences},
  author={Math{\^o}t, Sebastiaan and Schreij, Daniel and Theeuwes, Jan},
  journal={Behavior research methods},
  volume={44},
  number={2},
  pages={314--324},
  year={2012},
  publisher={Springer}
}
@article{sense2016individual,
  title={An individual's rate of forgetting is stable over time but differs across materials},
  author={Sense, Florian and Behrens, Friederike and Meijer, Rob R and van Rijn, Hedderik},
  journal={Topics in cognitive science},
  volume={8},
  number={1},
  pages={305--321},
  year={2016},
  publisher={Wiley Online Library}
}
@article{van2019effects,
  title={Effects of elaborate feedback during practice tests: Costs and benefits of retrieval prompts.},
  author={Van den Broek, Gesa SE and Segers, Eliane and Van Rijn, Hedderik and Takashima, Atsuko and Verhoeven, Ludo},
  journal={Journal of Experimental Psychology: Applied},
  volume={25},
  number={4},
  pages={588},
  year={2019},
  publisher={American Psychological Association}
}
@article{chang2018impact,
  title={The impact of colors on learning},
  author={Chang, Bo and Xu, Renmei and Watt, Tiffany},
  year={2018}
}
@article{massey1951kolmogorov,
  title={The Kolmogorov-Smirnov test for goodness of fit},
  author={Massey Jr, Frank J},
  journal={Journal of the American statistical Association},
  volume={46},
  number={253},
  pages={68--78},
  year={1951},
  publisher={Taylor \& Francis}
}
