@article{lstm,
    title={Long short-term memory},
    author={Hochreiter, Sepp and Schmidhuber, J{\"u}rgen},
    journal={Neural computation},
    volume={9},
    number={8},
    pages={1735--1780},
    year={1997},
    publisher={MIT Press}
} 

 @article{gru,
    title={Learning phrase representations using RNN encoder-decoder for statistical machine translation},
    author={Cho, Kyunghyun and Van Merri{\"e}nboer, Bart and Gulcehre, Caglar and Bahdanau, Dzmitry and Bougares, Fethi and Schwenk, Holger and Bengio, Yoshua},
    journal={arXiv preprint arXiv:1406.1078},
    year={2014}
} 

@article{bert,
    title={BERT: Pre-training of Deep Bidirectional Transformers for Language Understanding},
    author={Devlin, Jacob and Chang, Ming-Wei and Lee, Kenton and Toutanova, Kristina},
    journal={arXiv preprint arXiv:1810.04805},
    year={2018}
}

@inproceedings{huggingface,
    title = "Transformers: State-of-the-Art Natural Language Processing",
    author = "Thomas Wolf and Lysandre Debut and Victor Sanh and Julien Chaumond and Clement Delangue and Anthony Moi and Pierric Cistac and Tim Rault and RÃ©mi Louf and Morgan Funtowicz and Joe Davison and Sam Shleifer and Patrick von Platen and Clara Ma and Yacine Jernite and Julien Plu and Canwen Xu and Teven Le Scao and Sylvain Gugger and Mariama Drame and Quentin Lhoest and Alexander M. Rush",
    booktitle = "Proceedings of the 2020 Conference on Empirical Methods in Natural Language Processing: System Demonstrations",
    month = oct,
    year = "2020",
    address = "Online",
    publisher = "Association for Computational Linguistics",
    url = "https://www.aclweb.org/anthology/2020.emnlp-demos.6",
    pages = "38--45"
}

@article{word2vec,
    title={Efficient estimation of word representations in vector space},
    author={Mikolov, Tomas and Chen, Kai and Corrado, Greg and Dean, Jeffrey},
    journal={arXiv preprint arXiv:1301.3781},
    year={2013}
}


@article{ontonotes,
  title={Ontonotes release 4.0},
  author={Weischedel, Ralph and Pradhan, Sameer and Ramshaw, Lance and Palmer, Martha and Xue, Nianwen and Marcus, Mitchell and Taylor, Ann and Greenberg, Craig and Hovy, Eduard and Belvin, Robert and others},
  journal={LDC2011T03, Philadelphia, Penn.: Linguistic Data Consortium},
  year={2011}
}

@article{adam,
    title={Adam: A method for stochastic optimization},
    author={Kingma, Diederik P and Ba, Jimmy},
    journal={arXiv preprint arXiv:1412.6980},
    year={2014}
}

@article{rnn,
    title={Finding structure in time},
    author={Elman, Jeffrey L},
    journal={Cognitive science},
    volume={14},
    number={2},
    pages={179--211},
    year={1990},
    publisher={Wiley Online Library}
}

@article{bidir,
  author={M. {Schuster} and K. K. {Paliwal}},
  journal={IEEE Transactions on Signal Processing}, 
  title={Bidirectional recurrent neural networks}, 
  year={1997},
  volume={45},
  number={11},
  pages={2673-2681},
  doi={10.1109/78.650093}
}
